<?xml version="1.0" encoding="UTF-8"?><collection xmlns="http://www.loc.gov/MARC21/slim"><record><leader>00606nam--2200217-u-4500</leader><controlfield tag="001">000050632</controlfield><controlfield tag="002">20161230</controlfield><controlfield tag="005">20170101235000</controlfield><controlfield tag="008">080225s1000------------r-----000-0-eng-d</controlfield><datafield ind1=" " ind2=" " tag="020"><subfield code="a">0486680118</subfield></datafield><datafield ind1=" " ind2=" " tag="040"><subfield code="a">IFIN-HH</subfield></datafield><datafield ind1=" " ind2=" " tag="080"><subfield code="a">548.73:517.443</subfield></datafield><datafield ind1="1" ind2=" " tag="100"><subfield code="a">Guinier, Andre</subfield></datafield><datafield ind1="1" ind2="0" tag="245"><subfield code="a">X-Ray Diffraction in Crystals, Imperfect Crystals and Amorphus Bodies</subfield><subfield code="c">A. Guinier</subfield></datafield><datafield ind1=" " ind2=" " tag="260"><subfield code="a">New York</subfield><subfield code="b">Dover Publications,Inc</subfield><subfield code="c">1994</subfield></datafield><datafield ind1=" " ind2=" " tag="300"><subfield code="a">378 p</subfield></datafield><datafield ind1=" " ind2=" " tag="490"><subfield code="a">Dover Books on Physics</subfield></datafield><datafield ind1=" " ind2=" " tag="504"><subfield code="a">Includes Index</subfield></datafield><datafield ind1=" " ind2="4" tag="650"><subfield code="a">X-Ray Diffraction</subfield></datafield><datafield ind1=" " ind2=" " tag="852"><subfield code="a">81932</subfield><subfield code="c">548</subfield></datafield><datafield ind1=" " ind2=" " tag="CAT"><subfield code="a">SYS</subfield><subfield code="c">20170101</subfield><subfield code="h">235000</subfield></datafield></record></collection>